@article{marx2019testing,
  title={Testing conditional independence on discrete data using stochastic complexity},
  author={Marx, Alexander and Vreeken, Jilles},
  journal={arXiv preprint arXiv:1903.04829},
  year={2019}
}

@article{scholkopf2019causality,
  title={Causality for machine learning},
  author={Sch{\"o}lkopf, Bernhard},
  journal={arXiv preprint arXiv:1911.10500},
  year={2019}
}

@article{yao2020survey,
  title={A Survey on Causal Inference},
  author={Yao, Liuyi and Chu, Zhixuan and Li, Sheng and Li, Yaliang and Gao, Jing and Zhang, Aidong},
  journal={arXiv preprint arXiv:2002.02770},
  year={2020}
}

@article{hernan2020causal,
  title={Causal inference: what if},
  author={Hern{\'a}n, Miguel A and Robins, James M},
  journal={Boca Raton: Chapman \& Hill/CRC},
  volume={2020},
  year={2020}
}

@article{pearl2009causal,
  title={Causal inference in statistics: An overview},
  author={Pearl, Judea and others},
  journal={Statistics surveys},
  volume={3},
  pages={96--146},
  year={2009},
  publisher={The author, under a Creative Commons Attribution License}
}


@article{judea2000causality,
  title={Causality: models, reasoning, and inference},
  author={Judea, Pearl},
  journal={Cambridge University Press. ISBN 0},
  volume={521},
  number={77362},
  pages={8},
  year={2000}
}


@book{pearl2016causal,
  title={Causal inference in statistics: A primer},
  author={Pearl, Judea and Glymour, Madelyn and Jewell, Nicholas P},
  year={2016},
  publisher={John Wiley \& Sons}
}

@article{pearl2011science,
  title={The science and ethics of causal modeling},
  author={Pearl, Judea},
  journal={Handbook of ethics in quantitative methodology},
  pages={383--416},
  year={2011},
  publisher={Taylor \& Francis}
}

@article{rubin2005causal,
  title={Causal inference using potential outcomes: Design, modeling, decisions},
  author={Rubin, Donald B},
  journal={Journal of the American Statistical Association},
  volume={100},
  number={469},
  pages={322--331},
  year={2005},
  publisher={Taylor \& Francis}
}

@article{matute2015illusions,
  title={Illusions of causality: how they bias our everyday thinking and how they could be reduced},
  author={Matute, Helena and Blanco, Fernando and Yarritu, Ion and D{\'\i}az-Lago, Marcos and Vadillo, Miguel A and Barberia, Itxaso},
  journal={Frontiers in Psychology},
  volume={6},
  pages={888},
  year={2015},
  publisher={Frontiers}
}
